@book{Sommerville:2006:SE:1196763,
 author = {Sommerville, Ian},
 title = {Software Engineering: (Update) (8th Edition) (International Computer Science)},
 year = {2006},
 isbn = {0321313798},
 publisher = {Addison-Wesley Longman Publishing Co., Inc.},
 address = {Boston, MA, USA},
}
@inproceedings{conf/ftrtft/Rushby92,
  added-at = {2002-01-03T00:00:00.000+0100},
  author = {Rushby, John M.},
  biburl = {http://www.bibsonomy.org/bibtex/232aa2efd97226f9b2349d70dbdc32e6b/dblp},
  booktitle = {FTRTFT},
  crossref = {conf/ftrtft/1992},
  date = {2002-01-03},
  description = {dblp},
  editor = {Vytopil, Jan},
  interhash = {fc3ddd939189a4bd5c1c46133822ab1e},
  intrahash = {32aa2efd97226f9b2349d70dbdc32e6b},
  isbn = {3-540-55092-5},
  keywords = {dblp},
  pages = {237-257},
  publisher = {Springer},
  series = {Lecture Notes in Computer Science},
  timestamp = {2002-01-03T00:00:00.000+0100},
  title = {Formal Specification and Verification of a Fault-Masking and Transient-Recovery Model for Digital Flight-Control Systems.},
  url = {http://dblp.uni-trier.de/db/conf/ftrtft/ftrtft1992.html#Rushby92},
  volume = 571,
  year = 1992
}


